@book{berg,
  title={Biochemistry},
  author={Berg, Jeremy M and Tymoczko, John L and Gatto Jr, GJ},
  publisher={WH Freeman},
  year={2002}
}

@book{michaelismenten,
  title={Die Kinetik der Invertinwirkung},
  author={Michaelis, Leonor and Menten, Maud Leonora},
  journal={Biochemische Zeitschrift},
  year={1913},
  pages={333--369},
  volume={49},
  publisher={Universit{\"a}tsbibliothek Johann Christian Senckenberg}
}

@article{peppelenbos,
  title={Evaluation of four types of inhibition for modelling the influence of carbon dioxide on oxygen consumption of fruits and vegetables},
  author={Peppelenbos, Herman W and van't Leven, Johan},
  journal={Postharvest Biology and Technology},
  volume={7},
  number={1-2},
  pages={27--40},
  year={1996},
  publisher={Elsevier}
}

@article{fidler,
  title={The Effect of Conditions of Storage on the Respiration of Apples: I. The Effects of Temperature and Concentrations of Carbon Dioxide and Oxygen on the Production of Carbon Dioxide and Uptake of Oxygen},
  author={Fidler, JC and North, CJ},
  journal={Journal of Horticultural Science},
  volume={42},
  number={2},
  pages={189--206},
  year={1967},
  publisher={Taylor \& Francis}
}

@book{efronhastie,
  title={Computer age statistical inference},
  author={Efron, Bradley and Hastie, Trevor},
  year={2016},
  publisher={Cambridge University Press}
}

@article{tri2,
  title={Down-regulation of respiration in pear fruit depends on temperature},
  author={Ho and Hertog, Maarten LATM and Verboven, Pieter and Ambaw, Alemayehu and Rogge, Seppe and Verlinden, Bert E and Nicola{\"\i}, Bart M},
  volume={69},
  number={8},
  pages={2049--2060},
  year={2018},
  publisher={Oxford University Press UK},
  journal={Journal of Experimental Botany}
}


@article{tri,
  title={A Three-Dimensional Multiscale Model for Gas Exchange in Fruit},
  author={Ho and Verboven, Pieter and Verlinden, Bert E and Herremans, Els and Wevers, Martine and Carmeliet, Jan and Nicola{\"i}, Bart M},
 volume = {155},
 number = {3},
  journal={Plant Physiology},
  pages={1158--1168},
  year={2011},
  publisher={Am Soc Plant Biol}
}

@book{fedorov,
  title={Optimal design for nonlinear response models},
  author={Fedorov, Valerii V and Leonov, Sergei L},
  year={2013},
  publisher={CRC Press}
}

@article{chaloner,
  title={Bayesian experimental design: A review},
  author={Chaloner, Kathryn and Verdinelli, Isabella},
  volume={10},
  number={3},
  journal={Statistical Science},
  pages={273--304},
  year={1995},
  publisher={JSTOR}
}

@article{matlab1,
  title={The {Matlab ODE} suite},
  author={Shampine, Lawrence F and Reichelt, Mark W},
  journal={SIAM Journal on Scientific Computing},
  volume={18},
  number={1},
  pages={1--22},
  year={1997},
  publisher={SIAM}
}

@book{atkinson1,
  title={Optimum experimental designs, with SAS},
  author={Atkinson, Anthony and Donev, Alexander and Tobias, Randall},
  volume={34},
  year={2007},
  publisher={Oxford University Press}
}



@article{MAP1,
  title={Designing equilibrium modified atmosphere packages for fresh-cut vegetables subjected to changes in temperature},
  author={Jacxsens, Liesbeth and Devlieghere, Frank and De Rudder, Tom and Debevere, Johan},
  journal={LWT-Food Science and Technology},
  volume={33},
  number={3},
  pages={178--187},
  year={2000},
  publisher={Elsevier}
}
@article{MAP2,
  title={Modelling respiration rate of fresh fruits and vegetables for modified atmosphere packages: a review},
  author={Fonseca, Susana C and Oliveira, Fernanda AR and Brecht, Jeffrey K},
  journal={Journal of Food Engineering},
  volume={52},
  number={2},
  pages={99--119},
  year={2002},
  publisher={Elsevier}
}

@article{maarten1,
  title={A dynamic and generic model of gas exchange of respiring produce: the effects of oxygen, carbon dioxide and temperature},
  author={Hertog, Maarten LATM and Peppelenbos, Herman W and Evelo, R G and Tijskens, L MM},
  journal={Postharvest Biology and Technology},
  volume={14},
  number={3},
  pages={335--349},
  year={1998},
  publisher={Elsevier}
}

@article{bernaerts1,
  title={On the design of optimal dynamic experiments for parameter estimation of a {Ratkowsky-type} growth kinetics at suboptimal temperatures},
  author={Bernaerts, Kristel and Versyck, Karina J and Van Impe, Jan F},
  journal={International Journal of Food Microbiology},
  volume={54},
  number={1},
  pages={27--38},
  year={2000},
  publisher={Elsevier}
}

@article{bernaerts2,
  title={Optimal temperature input design for estimation of the square root model parameters: parameter accuracy and model validity restrictions},
  author={Bernaerts, Kristel and Servaes, Roos D and Kooyman, Steven and Versyck, Karina J and Van Impe, Jan F},
  journal={International Journal of Food Microbiology},
  volume={73},
  number={2},
  pages={145--157},
  year={2002},
  publisher={Elsevier}
}


@article{balsa1,
  title={Optimal design of dynamic experiments for improved estimation of kinetic parameters of thermal degradation},
  author={Balsa-Canto, Eva and Rodriguez-Fernandez, Maria and Banga, Julio R},
  journal={Journal of Food Engineering},
  volume={82},
  number={2},
  pages={178--188},
  year={2007},
  publisher={Elsevier}
}

@article{balsa2,
  title={An iterative identification procedure for dynamic modeling of biochemical networks},
  author={Balsa-Canto, Eva and Alonso, Antonio A and Banga, Julio R},
  journal={BMC Systems Biology},
  volume={4},
  number={1},
  pages={11},
  year={2010},
  publisher={BioMed Central}
}


@inproceedings{munack1,
  title={Design of optimal dynamical experiments for parameter estimation},
  author={Munack, Axel and Posten, Clemens},
  booktitle={American Control Conference, 1989},
  pages={2010--2016},
  year={1989},
  organization={IEEE}
}

@book{goos1,
  title={Optimal design of experiments: a case study approach},
  author={Goos, Peter and Jones, Bradley},
  year={2011},
  publisher={John Wiley \& Sons}
}

@article{nahor1,
  title={Optimal experimental design for the parameter estimation of conduction heated foods},
  author={Nahor, H B and Scheerlinck, Nico and Verniest, R and De Baerdemaeker, Josse and Nicola{\"i}, Bart M},
  journal={Journal of Food Engineering},
  volume={48},
  number={2},
  pages={109--119},
  year={2001},
  publisher={Elsevier}
}

@article{nahor2,
  title={Optimization of the temperature sensor position in a hot wire probe set up for estimation of the thermal properties of foods using optimal experimental design},
  author={Nahor, H B and Scheerlinck, Nico and Van Impe, Jan F and Nicola{\"i}, Bart M},
  journal={Journal of Food Engineering},
  volume={57},
  number={1},
  pages={103--110},
  year={2003},
  publisher={Elsevier}
}

@article{lammertyn1,
  title={A respiration--diffusion model for Conference pears: {II}. Simulations and relation to core breakdown},
  author={Lammertyn, Jeroen and Scheerlinck, Nico and Jancsok, Pal and Verlinden, B E and Nicola{\"i}, Bart M},
  journal={Postharvest Biology and Technology},
  volume={30},
  number={1},
  pages={43--55},
  year={2003},
  publisher={Elsevier}
}

@article{meyer,
  title={The coordinate-exchange algorithm for constructing exact optimal experimental designs},
  author={Meyer, Ruth K and Nachtsheim, Christopher J},
  journal={Technometrics},
  volume={37},
  number={1},
  pages={60--69},
  year={1995},
  publisher={Taylor \& Francis Group}
}




@article{saltveit,
  title={Is it possible to find an optimal controlled atmosphere?},
  author={Saltveit, Mikal E},
  journal={Postharvest Biology and Technology},
  volume={27},
  number={1},
  pages={3--13},
  year={2003},
  publisher={Elsevier}
}

@article{bessemans,
  title={A novel type of dynamic controlled atmosphere storage based on the respiratory quotient {(RQ-DCA)}},
  author={Bessemans, Niels and Verboven, Pieter and Verlinden, BE and Nicola{\"i}, Bart M},
  journal={Postharvest Biology and Technology},
  volume={115},
  pages={91--102},
  year={2016},
  publisher={Elsevier}
}

@phdthesis{vassiliadis,
  author={Vassiliadis, Vassilios S },
  title={Computational Solution of Dynamic Optimization Problems with General
Differential-Algebraic Constraints},
  school       = {Imperial College, University of London},
  year         = {1993}
}

@article{telen,
  title={Optimal experiment design for dynamic bioprocesses: a multi-objective approach},
  author={Telen, Dries and Logist, Filip and Van Derlinden, Eva and Tack, Ignace and Van Impe, Jan},
  journal={Chemical Engineering Science},
  volume={78},
  pages={82--97},
  year={2012},
  publisher={Elsevier}
}

@article{bauer,
  title={Numerical methods for optimum experimental design in {DAE} systems},
  author={Bauer, Irene and Bock, Hans Georg and K{\"o}rkel, Stefan and Schl{\"o}der, Johannes P},
  journal={Journal of Computational and Applied Mathematics},
  volume={120},
  number={1-2},
  pages={1--25},
  year={2000},
  publisher={Elsevier}
}




