@article{villaverde,
  title={Structural identifiability of dynamic systems biology models},
  author={Villaverde, Alejandro F and Barreiro, Antonio and Papachristodoulou, Antonis},
  journal={PLoS computational biology},
  volume={12},
  number={10},
  pages={e1005153},
  year={2016},
  publisher={Public Library of Science San Francisco, CA USA}
}

@article{paulson,
  title={Optimal Bayesian experiment design for nonlinear dynamic systems with chance constraints},
  author={Paulson, Joel A and Martin-Casas, Marc and Mesbah, Ali},
  journal={Journal of Process Control},
  volume={77},
  pages={155--171},
  year={2019},
  publisher={Elsevier}
}


@article{asprey,
  title={Robust optimal designs for dynamic experiments},
  author={Asprey, S and Macchietto, S and Pantelides, CC},
  journal={IFAC Proceedings Volumes},
  volume={33},
  number={10},
  pages={845--850},
  year={2000},
  publisher={Elsevier}
}

@techreport{arnoud,
	title={Benchmarking Global Optimizers},
	author={Arnoud, Antoine and Guvenen, Fatih and Kleineberg, Tatjana},
	year={2019},
	institution={National Bureau of Economic Research}
}

@book{atkinson,
  title={Optimum experimental designs, with {SAS}},
  author={Atkinson, Anthony and Donev, Alexander and Tobias, Randall},
  year={2007},
  publisher={Oxford University Press}
}

@article{balsa1,
  title={Optimal design of dynamic experiments for improved estimation of kinetic parameters of thermal degradation},
  author={Balsa-Canto, Eva and Rodriguez-Fernandez, Maria and Banga, Julio R},
  journal={Journal of Food Engineering},
  volume={82},
  number={2},
  pages={178--188},
  year={2007},
  publisher={Elsevier}
}

@article{balsa2,
  title={An iterative identification procedure for dynamic modeling of biochemical networks},
  author={Balsa-Canto, Eva and Alonso, Antonio A and Banga, Julio R},
  journal={BMC Systems Biology},
  volume={4},
  number={1},
  year={2010},
  publisher={BioMed Central}
}

@article{bauer,
  title={Numerical methods for optimum experimental design in {DAE} systems},
  author={Bauer, Irene and Bock, Hans Georg and K{\"o}rkel, Stefan and Schl{\"o}der, Johannes P},
  journal={Journal of Computational and Applied Mathematics},
  volume={120},
  number={1-2},
  pages={1--25},
  year={2000},
  publisher={Elsevier}
}

@article{bernaerts1,
  title={On the design of optimal dynamic experiments for parameter estimation of a {Ratkowsky-type} growth kinetics at suboptimal temperatures},
  author={Bernaerts, Kristel and Versyck, Karina J and Van Impe, Jan F},
  journal={International Journal of Food Microbiology},
  volume={54},
  number={1},
  pages={27--38},
  year={2000},
  publisher={Elsevier}
}

@article{bernaerts2,
  title={Optimal temperature input design for estimation of the square root model parameters: parameter accuracy and model validity restrictions},
  author={Bernaerts, Kristel and Servaes, Roos D and Kooyman, Steven and Versyck, Karina J and Van Impe, Jan F},
  journal={International Journal of Food Microbiology},
  volume={73},
  number={2},
  pages={145--157},
  year={2002},
  publisher={Elsevier}
}

@article{bessemans,
  title={A novel type of dynamic controlled atmosphere storage based on the respiratory quotient {(RQ-DCA)}},
  author={Bessemans, Niels and Verboven, Pieter and Verlinden, BE and Nicola{\"i}, Bart M},
  journal={Postharvest Biology and Technology},
  volume={115},
  pages={91--102},
  year={2016},
  publisher={Elsevier}
}

@article{betancourt,
  title={A conceptual introduction to Hamiltonian Monte Carlo},
  author={Betancourt, Michael},
  journal={arXiv preprint arXiv:1701.02434},
  year={2017}
}


@article{bezanson,
	title={Julia: A fresh approach to numerical computing},
	author={Bezanson, Jeff and Edelman, Alan and Karpinski, Stefan and Shah, Viral B},
	journal={SIAM review},
	volume={59},
	number={1},
	pages={65--98},
	year={2017},
	publisher={SIAM}
}

@book{biegler,
	title={Nonlinear programming: concepts, algorithms, and applications to chemical processes},
	author={Biegler, Lorenz T},
	year={2010},
	publisher={SIAM}
}


@article{chaloner,
  title={Bayesian experimental design: A review},
  author={Chaloner, Kathryn and Verdinelli, Isabella},
  journal={Statistical Science},
  pages={273--304},
  year={1995},
  publisher={JSTOR}
}

@book{fedorov,
  title={Optimal design for nonlinear response models},
  author={Fedorov, Valerii V and Leonov, Sergei L},
  year={2013},
  publisher={CRC Press}
}

@article{fonseca,
  title={Modelling respiration rate of fresh fruits and vegetables for modified atmosphere packages: a review},
  author={Fonseca, Susana C and Oliveira, Fernanda AR and Brecht, Jeffrey K},
  journal={Journal of Food Engineering},
  volume={52},
  number={2},
  pages={99--119},
  year={2002},
  publisher={Elsevier}
}

@inproceedings{foster,
	title={Variational Bayesian optimal experimental design},
	author={Foster, Adam and Jankowiak, Martin and Bingham, Elias and Horsfall, Paul and Teh, Yee Whye and Rainforth, Thomas and Goodman, Noah},
	booktitle={Advances in Neural Information Processing Systems},
	pages={14036--14047},
	year={2019}
}

@inproceedings{foster2,
	title={A Unified Stochastic Gradient Approach to Designing Bayesian-Optimal Experiments},
	author={Foster, Adam and Jankowiak, Martin and Oâ€™Meara, Matthew and Teh, Yee Whye and Rainforth, Tom},
	booktitle={International Conference on Artificial Intelligence and Statistics},
	pages={2959--2969},
	year={2020}
}

@article{franceschini,
  title={Model-based design of experiments for parameter precision: State of the art},
  author={Franceschini, Gaia and Macchietto, S},
  journal={Chemical Engineering Science},
  volume={63},
  number={19},
  pages={4846--4872},
  year={2008},
  publisher={Elsevier}
}

@inproceedings{ge,
	title={Turing: A language for flexible probabilistic inference},
	author={Ge, Hong and Xu, Kai and Ghahramani, Zoubin},
	year={2018},
	booktitle={Proceedings of Machine Learning Research},
	number={84},
	pages={1682--1690.} 
}

@book{gelman,
	title={Bayesian data analysis},
	author={Gelman, Andrew and Carlin, John B and Stern, Hal S and Dunson, David B and Vehtari, Aki and Rubin, Donald B},
	year={2013},
	publisher={CRC press}
}

@article{hertog,
	title={A dynamic and generic model of gas exchange of respiring produce: the effects of oxygen, carbon dioxide and temperature},
	author={Hertog, Maarten LATM and Peppelenbos, Herman W and Evelo, R G and Tijskens, L MM},
	journal={Postharvest Biology and Technology},
	volume={14},
	number={3},
	pages={335--349},
	year={1998},
	publisher={Elsevier}
}

@article{hoffman,
	title={The No-U-Turn sampler: adaptively setting path lengths in Hamiltonian Monte Carlo},
	author={Hoffman, Matthew D and Gelman, Andrew},
	journal={Journal of Machine Learning Research},
	volume={15},
	number={1},
	pages={1593--1623},
	year={2014}
}

@article{innes,
	title={Zygote: A differentiable programming system to bridge machine learning and scientific computing},
	author={Innes, Mike and Edelman, Alan and Fischer, Keno and Rackauckus, Chris and Saba, Elliot and Shah, Viral B and Tebbutt, Will},
	journal={arXiv preprint arXiv:1907.07587},
	pages={140},
	year={2019}
}

@article{korkel,
  title={Numerical methods for optimal control problems in design of robust optimal experiments for nonlinear dynamic processes},
  author={K{\"o}rkel, Stefan and Kostina, Ekaterina and Bock, Hans Georg and Schl{\"o}der, Johannes P},
  journal={Optimization Methods and Software},
  volume={19},
  number={3-4},
  pages={327--338},
  year={2004},
  publisher={Taylor \& Francis}
}

@article{liepe,
  title={Maximizing the information content of experiments in systems biology},
  author={Liepe, Juliane and Filippi, Sarah and Komorowski, Micha{\l} and Stumpf, Michael PH},
  journal={PLoS Computational Biology},
  volume={9},
  number={1},
  year={2013},
  publisher={Public Library of Science}
}

@article{lindley,
	title={On a measure of the information provided by an experiment},
	author={Lindley, Dennis V},
	journal={The Annals of Mathematical Statistics},
	pages={986--1005},
	year={1956},
	publisher={JSTOR}
}

@article{mogensen,
	title={Optim: A mathematical optimization package for Julia},
	author={Mogensen, Patrick Kofod and Riseth, Asbj{\o}rn Nilsen},
	journal={Journal of Open Source Software},
	volume={3},
	number={24},
	year={2018},
	publisher={Open Journals}
}

@article{nahor,
  title={Optimal experimental design for the parameter estimation of conduction heated foods},
  author={Nahor, H B and Scheerlinck, Nico and Verniest, R and De Baerdemaeker, Josse and Nicola{\"i}, Bart M},
  journal={Journal of Food Engineering},
  volume={48},
  number={2},
  pages={109--119},
  year={2001},
  publisher={Elsevier}
}

@article{nimmegeers,
  title={Optimal experiment design under parametric uncertainty: a comparison of a sensitivities based approach versus a polynomial chaos based stochastic approach},
  author={Nimmegeers, Philippe and Bhonsale, Satyajeet and Telen, Dries and Van Impe, Jan},
  journal={Chemical Engineering Science},
  pages={115651},
  year={2020},
  publisher={Elsevier}
}

@book{nocedal,
	title={Numerical optimization},
	author={Nocedal, Jorge and Wright, Stephen},
	year={2006},
	publisher={Springer Science \& Business Media}
}

@article{overstall,
	title={Bayesian design of experiments using approximate coordinate exchange},
	author={Overstall, Antony M and Woods, David C},
	journal={Technometrics},
	volume={59},
	number={4},
	pages={458--470},
	year={2017},
	publisher={Taylor \& Francis}
}

@article{overstall2,
	title={Bayesian optimal design for ordinary differential equation models with application in biological science},
	author={Overstall, Antony M and Woods, David C and Parker, Ben M},
	journal={Journal of the American Statistical Association},
	pages={1--36},
	year={2019},
	publisher={Taylor \& Francis}
}

@article{rackauckas,
  title={Differentialequations. jl--a performant and feature-rich ecosystem for solving differential equations in Julia},
  author={Rackauckas, Christopher and Nie, Qing},
  journal={Journal of Open Research Software},
  volume={5},
  number={1},
  year={2017},
  publisher={Ubiquity Press}
}

@article{rackauckas2,
	title={A comparison of automatic differentiation and continuous sensitivity analysis for derivatives of differential equation solutions},
	author={Rackauckas, Christopher and Ma, Yingbo and Dixit, Vaibhav and Guo, Xingjian and Innes, Mike and Revels, Jarrett and Nyberg, Joakim and Ivaturi, Vijay},
	journal={arXiv preprint arXiv:1812.01892},
	year={2018}
}

@article{revels,
	title={Forward-mode automatic differentiation in Julia},
	author={Revels, Jarrett and Lubin, Miles and Papamarkou, Theodore},
	journal={arXiv preprint arXiv:1607.07892},
	year={2016}
}


@article{ryan,
	title={A review of modern computational algorithms for Bayesian optimal design},
	author={Ryan, Elizabeth G and Drovandi, Christopher C and McGree, James M and Pettitt, Anthony N},
	journal={International Statistical Review},
	volume={84},
	number={1},
	pages={128--154},
	year={2016},
	publisher={Wiley Online Library}
}

@article{saltveit,
  title={Is it possible to find an optimal controlled atmosphere?},
  author={Saltveit, Mikal E},
  journal={Postharvest Biology and Technology},
  volume={27},
  number={1},
  pages={3--13},
  year={2003},
  publisher={Elsevier}
}

@article{schenkendorf,
  title={Optimal experimental design with the sigma point method},
  author={Schenkendorf, R and Kremling, A and Mangold, M},
  journal={IET Systems Biology},
  volume={3},
  number={1},
  pages={10--23},
  year={2009},
  publisher={IET}
}

@article{telen,
  title={Robustifying optimal experiment design for nonlinear, dynamic (bio) chemical systems},
  author={Telen, Dries and Vercammen, Dominique and Logist, Filip and Van Impe, Jan},
  journal={Computers \& Chemical Engineering},
  volume={71},
  pages={415--425},
  year={2014},
  publisher={Elsevier}
}

@article{ho,
  title={A continuum model for metabolic gas exchange in pear fruit},
  author={Ho, and Verboven, Pieter and Verlinden, Bert E and Lammertyn, Jeroen and Vandewalle, Stefan and Nicola{\"\i}, Bart M},
  journal={PLoS Computational Biology},
  volume={4},
  number={3},
  pages={e1000023},
  year={2008},
  publisher={Public Library of Science}
}

@article{tsitouras,
  title={Runge--Kutta pairs of order 5 (4) satisfying only the first column simplifying assumption},
  author={Tsitouras, Ch},
  journal={Computers \& Mathematics with Applications},
  volume={62},
  number={2},
  pages={770--775},
  year={2011},
  publisher={Elsevier}
}

@article{versyck,
  title={Practical identification of unstructured growth kinetics by application of optimal experimental design},
  author={Versyck, Karina J and Claes, Johan E and Van Impe, Jan F},
  journal={Biotechnology progress},
  volume={13},
  number={5},
  pages={524--531},
  year={1997},
  publisher={Wiley Online Library}
}


@article{wachter,
	title={On the implementation of an interior-point filter line-search algorithm for large-scale nonlinear programming},
	author={W{\"a}chter, Andreas and Biegler, Lorenz T},
	journal={Mathematical programming},
	volume={106},
	number={1},
	pages={25--57},
	year={2006},
	publisher={Springer}
}

@book{walter,
	title={Identification de mod{\`e}les param{\'e}triques {\`a} partir de donn{\'e}es exp{\'e}rimentales},
	author={Walter, {\'E}ric and Pronzato, Luc},
	year={1994},
	publisher={Masson}
}
