@article{pieczywek,
  title={Compression simulations of plant tissue in 3D using a mass-spring system approach and discrete element method},
  author={Pieczywek, Piotr M and Zdunek, Artur},
  journal={Soft matter},
  volume={13},
  number={40},
  pages={7318--7331},
  year={2017},
  publisher={Royal Society of Chemistry}
}

@book{atkinson,
  title={Optimum experimental designs, with SAS},
  author={Atkinson, Anthony and Donev, Alexander and Tobias, Randall},
  volume={34},
  year={2007},
  publisher={Oxford University Press}
}


@article{cavanaugh,
  title={On computing the expected Fisher information matrix for state-space model parameters},
  author={Cavanaugh, Joseph E and Shumway, Robert H},
  journal={Statistics \& probability letters},
  volume={26},
  number={4},
  pages={347--355},
  year={1996},
  publisher={Elsevier}
}


@article{bezanson,
  title={Julia: A fresh approach to numerical computing},
  author={Bezanson, Jeff and Edelman, Alan and Karpinski, Stefan and Shah, Viral B},
  journal={SIAM review},
  volume={59},
  number={1},
  pages={65--98},
  year={2017},
  publisher={SIAM}
}


@article{chaloner,
  title={Bayesian experimental design: A review},
  author={Chaloner, Kathryn and Verdinelli, Isabella},
  journal={Statistical Science},
  pages={273--304},
  year={1995},
  publisher={JSTOR}
}

@article{efron,
  title={Assessing the accuracy of the maximum likelihood estimator: Observed versus expected Fisher information},
  author={Efron, Bradley and Hinkley, David V},
  journal={Biometrika},
  volume={65},
  number={3},
  pages={457--483},
  year={1978},
  publisher={Oxford University Press}
}

@book{fedorov,
  title={Optimal design for nonlinear response models},
  author={Fedorov, Valerii V and Leonov, Sergei L},
  year={2013},
  publisher={CRC Press}
}

@inproceedings{findeisen,
  title={An introduction to nonlinear model predictive control},
  author={Findeisen, Rolf and Allg{\"o}wer, Frank},
  booktitle={21st Benelux meeting on systems and control},
  volume={11},
  pages={119--141},
  year={2002},
  organization={Technische Universiteit Eindhoven Veldhoven Eindhoven, The Netherlands}
}

@article{fisher,
  title={On the mathematical foundations of theoretical statistics},
  author={Fisher, Ronald A},
  journal={Philosophical Transactions of the Royal Society of London. Series A, Containing Papers of a Mathematical or Physical Character},
  volume={222},
  number={594-604},
  pages={309--368},
  year={1922},
  publisher={The Royal Society London}
}

@article{franceschini,
  title={Model-based design of experiments for parameter precision: State of the art},
  author={Franceschini, Gaia and Macchietto, S},
  journal={Chemical Engineering Science},
  volume={63},
  number={19},
  pages={4846--4872},
  year={2008},
  publisher={Elsevier}
}

@article{goodwin,
  title={Dynamic system identification, experiment design and data analysis.},
  author={Goodwin, Graham Clifford and Payne, RL},
  year={1977}
}

@book{griewank,
  title={Evaluating derivatives: principles and techniques of algorithmic differentiation},
  author={Griewank, Andreas and Walther, Andrea},
  year={2008},
  publisher={SIAM}
}

@article{he,
  title={A Kalman particle filter for online parameter estimation with applications to affine models},
  author={He, Jian and Khedher, Asma and Spreij, Peter},
  journal={Statistical Inference for Stochastic Processes},
  pages={1--51},
  year={2021},
  publisher={Springer}
}

@article{hjalmarsson,
  title={From experiment design to closed-loop control},
  author={Hjalmarsson, H{\aa}kan},
  journal={Automatica},
  volume={41},
  number={3},
  pages={393--438},
  year={2005},
  publisher={Elsevier}
}

@misc{johnson,
  title={The NLopt nonlinear-optimization package},
  author={Johnson, Steven G},
  year={2014}
}

@article{kantas,
  title={An overview of sequential Monte Carlo methods for parameter estimation in general state-space models},
  author={Kantas, Nicholas and Doucet, Arnaud and Singh, Sumeetpal Sindhu and Maciejowski, Jan Marian},
  journal={IFAC Proceedings Volumes},
  volume={42},
  number={10},
  pages={774--785},
  year={2009},
  publisher={Elsevier}
}


@article{kraft,
  title={A software package for sequential quadratic programming},
  author={Kraft, Dieter and others},
  year={1988},
  publisher={DFVLR Obersfaffeuhofen, Germany}
}

@article{kraft2,
  title={Algorithm 733: TOMP--Fortran modules for optimal control calculations},
  author={Kraft, Dieter},
  journal={ACM Transactions on Mathematical Software (TOMS)},
  volume={20},
  number={3},
  pages={262--281},
  year={1994},
  publisher={ACM New York, NY, USA}
}

@article{korkel,
  title={Numerical methods for optimal control problems in design of robust optimal experiments for nonlinear dynamic processes},
  author={K{\"o}rkel, Stefan and Kostina, Ekaterina and Bock, Hans Georg and Schl{\"o}der, Johannes P},
  journal={Optimization Methods and Software},
  volume={19},
  number={3-4},
  pages={327--338},
  year={2004},
  publisher={Taylor \& Francis}
}


@article{lane,
  title={Adaptive Designs for Optimal Observed Fisher Information},
  author={Lane, Adam},
  journal={arXiv preprint arXiv:1712.08499},
  year={2017}
}

@article{lechaudel,
  title={An overview of preharvest factors influencing mango fruit growth, quality and postharvest behaviour},
  author={L{\'e}chaudel, Mathieu and Joas, Jacques},
  journal={Brazilian Journal of Plant Physiology},
  volume={19},
  number={4},
  pages={287--298},
  year={2007},
  publisher={SciELO Brasil}
}


@article{lindley,
  title={On a measure of the information provided by an experiment},
  author={Lindley, Dennis V},
  journal={The Annals of Mathematical Statistics},
  pages={986--1005},
  year={1956},
  publisher={JSTOR}
}

@book{pintelon,
  title={System identification: a frequency domain approach},
  author={Pintelon, Rik and Schoukens, Johan},
  year={2012},
  publisher={John Wiley \& Sons}
}

@article{revels,
  title={Forward-mode automatic differentiation in Julia},
  author={Revels, Jarrett and Lubin, Miles and Papamarkou, Theodore},
  journal={arXiv preprint arXiv:1607.07892},
  year={2016}
}


@article{ryan,
  title={A review of modern computational algorithms for Bayesian optimal design},
  author={Ryan, Elizabeth G and Drovandi, Christopher C and McGree, James M and Pettitt, Anthony N},
  journal={International Statistical Review},
  volume={84},
  number={1},
  pages={128--154},
  year={2016},
  publisher={Wiley Online Library}
}

@book{sarkka,
  title={Bayesian filtering and smoothing},
  author={S{\"a}rkk{\"a}, Simo},
  volume={3},
  year={2013},
  publisher={Cambridge University Press}
}

@book{solin,
  title={Applied stochastic differential equations},
  author={S{\"a}rkk{\"a}, Simo and Solin, Arno},
  volume={10},
  year={2019},
  publisher={Cambridge University Press}
}


@article{stojanovic,
  title={Optimal experiment design for identification of ARX models with constrained output in non-Gaussian noise},
  author={Stojanovic, Vladimir and Nedic, Novak and Prsic, Dragan and Dubonjic, Ljubisa},
  journal={Applied Mathematical Modelling},
  volume={40},
  number={13-14},
  pages={6676--6689},
  year={2016},
  publisher={Elsevier}
}

@article{telen2,
  title={Optimal experiment design under process noise using Riccati differential equations},
  author={Telen, Dries and Houska, Boris and Logist, Filip and Van Derlinden, Eva and Diehl, Moritz and Van Impe, Jan},
  journal={Journal of Process Control},
  volume={23},
  number={4},
  pages={613--629},
  year={2013},
  publisher={Elsevier}
}

@article{titterington,
  title={Aspects of optimal design in dynamic systems},
  author={Titterington, DM},
  journal={Technometrics},
  volume={22},
  number={3},
  pages={287--299},
  year={1980},
  publisher={Taylor \& Francis}
}

@book{von,
  title={Mathematical theory of probability and statistics},
  author={Von Mises, Richard},
  year={2014},
  publisher={Academic Press}
}


@article{walter,
  title={Identification of parametric models},
  author={Walter, Eric and Pronzato, Luc},
  journal={Communications and control engineering},
  volume={8},
  year={1997},
  publisher={Springer}
}

@article{yoneyama,
  title={Whole-plant dynamic system of nitrogen use for vegetative growth and grain filling in rice plants (Oryza sativa L.) as revealed through the production of 350 grains from a germinated seed over 150 days: a review and synthesis},
  author={Yoneyama, Tadakatsu and Tanno, Fumio and Tatsumi, Jiro and Mae, Tadahiko},
  journal={Frontiers in plant science},
  volume={7},
  pages={1151},
  year={2016},
  publisher={Frontiers}
}

