@article{kennedy,
  title={Bayesian calibration of computer models},
  author={Kennedy, Marc C and O'Hagan, Anthony},
  journal={Journal of the Royal Statistical Society: Series B (Statistical Methodology)},
  volume={63},
  number={3},
  pages={425--464},
  year={2001},
  publisher={Wiley Online Library}
}


@article{chen,
  title={On the design of optimally informative dynamic experiments for model discrimination in multiresponse nonlinear situations},
  author={Chen, Bing H and Asprey, Steven P},
  journal={Industrial \& engineering chemistry research},
  volume={42},
  number={7},
  pages={1379--1390},
  year={2003},
  publisher={ACS Publications}
}


@book{cover,
  title={Elements of Information Theory},
  author={Cover, Thomas M and Thomas, Joy A},
  year={2012},
  publisher={John Wiley \& Sons}
}

@article{gerlach,
  title={The Koopman Expectation: An Operator Theoretic Method for Efficient Analysis and Optimization of Uncertain Hybrid Dynamical Systems},
  author={Gerlach, Adam R and Leonard, Andrew and Rogers, Jonathan and Rackauckas, Chris},
  journal={arXiv preprint arXiv:2008.08737},
  year={2020}
}


@article{houska,
  title={An economic objective for the optimal experiment design of nonlinear dynamic processes},
  author={Houska, Boris and Telen, Dries and Logist, Filip and Diehl, Moritz and Van Impe, Jan FM},
  journal={Automatica},
  volume={51},
  pages={98--103},
  year={2015},
  publisher={Elsevier}
}

@article{hunter,
  title={Designs for discriminating between two rival models},
  author={Hunter, William G and Reiner, Albey M},
  journal={Technometrics},
  volume={7},
  number={3},
  pages={307--323},
  year={1965},
  publisher={Taylor \& Francis}
}

@article{jauberthie,
  title={Optimal input design for parameter estimation in a bounded-error context for nonlinear dynamical systems},
  author={Jauberthie, Carine and Denis-Vidal, Lilianne and Li, Qiaochu and Cherfi-Boulanger, Zohra},
  journal={Automatica},
  volume={92},
  pages={86--91},
  year={2018},
  publisher={Elsevier}
}

@incollection{jaulin,
  title={Interval analysis},
  author={Jaulin, Luc and Kieffer, Michel and Didrit, Olivier and Walter, Eric},
  booktitle={Applied interval analysis},
  pages={11--43},
  year={2001},
  publisher={Springer}
}

@inproceedings{juliareach,
  title={JuliaReach: a toolbox for set-based reachability},
  author={Bogomolov, Sergiy and Forets, Marcelo and Frehse, Goran and Potomkin, Kostiantyn and Schilling, Christian},
  booktitle={Proceedings of the 22nd ACM International Conference on Hybrid Systems: Computation and Control},
  pages={39--44},
  year={2019}
}

@article{li,
  title={Bayesian optimal designs for efficient estimation of the optimum point with generalised linear models},
  author={Li, Guilin and Ng, Szu Hui and Tan, Matthias Hwai-yong},
  journal={Quality Technology \& Quantitative Management},
  volume={17},
  number={1},
  pages={89--107},
  year={2020},
  publisher={Taylor \& Francis}
}

@article{rackauckas3,
  title={Universal differential equations for scientific machine learning},
  author={Rackauckas, Christopher and Ma, Yingbo and Martensen, Julius and Warner, Collin and Zubov, Kirill and Supekar, Rohit and Skinner, Dominic and Ramadhan, Ali and Edelman, Alan},
  journal={arXiv preprint arXiv:2001.04385},
  year={2020}
}

@article{rackauckas4,
  title={Bayesian Neural Ordinary Differential Equations},
  author={Dandekar, Raj and Dixit, Vaibhav and Tarek, Mohamed and Garcia-Valadez, Aslan and Rackauckas, Chris},
  journal={arXiv preprint arXiv:2012.07244},
  year={2020}
}

@book{santner,
  title={The design and analysis of computer experiments},
  author={Santner, Thomas J and Williams, Brian J and Notz, William I and Williams, Brain J},
  volume={1},
  year={2003},
  publisher={Springer}
}


